@article{OSG1,
  author={Ruth Pordes and Don Petravick and Bill Kramer and Doug Olson and Miron Livny and Alain Roy and Paul Avery and Kent
Blackburn and Torre Wenaus and Frank Würthwein and Ian Foster and Rob Gardner and Mike Wilde and Alan Blatecky and John
McGee and Rob Quick},
  title={The open science grid},
  journal={Journal of Physics: Conference Series},
  volume={78},
  number={1},
  pages={012057},
  url={http://stacks.iop.org/1742-6596/78/i=1/a=012057},
  year={2007},
}
      
@article{OSG2,
  author={Ruth Pordes and Don Petravick and Bill Kramer and Doug Olson and Miron Livny and Alain Roy and Paul Avery and Kent
Blackburn and Torre Wenaus and Frank Würthwein and Ian Foster and Rob Gardner and Mike Wilde and Alan Blatecky and John
McGee and Rob Quick},
  title={The open science grid},
  journal={Journal of Physics: Conference Series},
  volume={78},
  number={1},
  pages={012057},
  url={http://stacks.iop.org/1742-6596/78/i=1/a=012057},
  year={2007},
}


@article{ATLASHiggs,
author = {ATLAS}, 
title = {A Particle Consistent with the Higgs Boson Observed with the ATLAS Detector at the Large Hadron Collider},
volume = {338}, 
number = {6114}, 
pages = {1576-1582}, 
year = {2012}, 
doi = {10.1126/science.1232005}, 
URL = {http://www.sciencemag.org/content/338/6114/1576.abstract}, 
eprint = {http://www.sciencemag.org/content/338/6114/1576.full.pdf}, 
journal = {Science} 
}

@article{CMSHiggs,
year={2013},
journal={Journal of High Energy Physics},
eid={81},
volume={2013},
number={6},
doi={10.1007/JHEP06(2013)081},
title={Observation of a new boson with mass near 125 GeV in pp collisions at  $\sqrt{s}$=7  and 8 TeV},
URL = {http://dx.doi.org/10.1007/JHEP06%282013%29081},
publisher={Springer-Verlag},
keywords={Hadron-Hadron Scattering},
author={CMS} 
}
